@article{hardt-2013-decay-happens,
  author    = {Hardt, Oliver and Nader, Karim and Nadel, Lynn},
  title     = {Decay Happens: The Role of Active Forgetting in Memory},
  journal   = {Trends in Cognitive Sciences},
  year      = {2013},
  volume    = {17},
  number    = {3},
  pages     = {111--120},
  doi       = {10.1016/j.tics.2013.01.001}
}
@article{wixted-2004-the-psychology-and-neuroscience-of-forgetting,
  author    = {Wixted, John T.},
  title     = {The Psychology and Neuroscience of Forgetting},
  journal   = {Annual Review of Psychology},
  year      = {2004},
  volume    = {55},
  pages     = {235--269},
  doi       = {10.1146/annurev.psych.55.090902.141555}
}
@article{anderson-2014-neural-mechanisms-of-motivated-forgetting,
  author    = {Anderson, Michael C. and Hanslmayr, Simon},
  title     = {Neural Mechanisms of Motivated Forgetting},
  journal   = {Trends in Cognitive Sciences},
  year      = {2014},
  volume    = {18},
  number    = {6},
  pages     = {279--292},
  doi       = {10.1016/j.tics.2014.03.002}
}
@article{richards-2017-the-persistence-and-transience-of-memory,
  author    = {Richards, Blake A. and Frankland, Paul W.},
  title     = {The Persistence and Transience of Memory},
  journal   = {Neuron},
  year      = {2017},
  volume    = {94},
  number    = {6},
  pages     = {1071--1084},
  doi       = {10.1016/j.neuron.2017.04.037}
}
@article{frankland-2013-the-forgetting-machine,
  author       = {Frankland, Paul W. and Josselyn, Sheena A.},
  title        = {The Forgetting Machine},
  journal      = {Scientific American},
  year         = {2013},
  volume       = {309},
  number       = {3},
  pages        = {76--81}
}
@article{shuai-2010-forgetting-is-regulated-by-rac,
  author       = {Shuai, Yue and Lu, Bing and Hu, Yan and Wang, Lin and Sun, Ke and Zhong, Yi},
  title        = {Forgetting is Regulated through Rac Activity in Drosophila},
  journal      = {Cell},
  year         = {2010},
  volume       = {140},
  number       = {4},
  pages        = {579--589},
  doi          = {10.1016/j.cell.2010.01.002}
}
@book{damasio-1994-descartes-error-emotion-reason-and-the-human-brain,
  title={Descartes' Error: Emotion, Reason, and the Human Brain},
  author={Damasio, Antonio},
  year={1994},
  publisher={Penguin Books}
}
@article{haykin-2012-cognitive-dynamic-systems-perception-action-cycle-radar-and-radio,
  title={Cognitive dynamic systems: Perception-action cycle, radar, and radio},
  author={Haykin, Simon},
  journal={Proceedings of the IEEE},
  volume={100},
  number={7},
  pages={2093--2103},
  year={2012},
  publisher={IEEE}
}
@book{bekey-2005-autonomous-robots-from-biological-inspiration-to-implementation-and-control,
  author={George A. Bekey},
  year={2005},
  title={Autonomous Robots: From Biological Inspiration to Implementation and Control},
  publisher={MIT Press}
}
@book{craig-2005-introduction-to-robotics-mechanics-and-control,
  author={John J. Craig},
  year={2005},
  title={Introduction to Robotics: Mechanics and Control},
  publisher={Pearson}
}
@book{siciliano-2016-springer-handbook-of-robotics,
  author={Bruno Siciliano and Oussama Khatib},
  year={2016},
  title={Springer Handbook of Robotics},
  publisher={Springer}
}
@book{niku-2011-introduction-to-robotics-analysis-control-applications,
  author={Saeed B. Niku},
  year={2011},
  title={Introduction to Robotics: Analysis, Control, Applications},
  publisher={Wiley}
}
@book{spong-2020-robot-modeling-and-control,
  author={Mark W. Spong, Seth Hutchinson, and M. Vidyasagar},
  year={2020},
  title={Robot Modeling and Control},
  publisher={Wiley}
}
@inproceedings{roy-2005-cognitive-robots-a-new-frontier-in-robotics,
  author={Deb Roy and Karl Herrmann},
  year={2005},
  title={Cognitive Robots: A New Frontier in Robotics},
  booktitle={Proceedings of the National Conference on Artificial Intelligence (AAAI)},
  publisher={AAAI Press}
}
@book{russell-2010-artificial-intelligence-a-modern-approach,
  author={Stuart Russell and Peter Norvig},
  year={2010},
  title={Artificial Intelligence: A Modern Approach},
  publisher={Pearson}
}
@article{laird-2012-the-soar-cognitive-architecture,
  author={John E. Laird},
  year={2012},
  title={The Soar Cognitive Architecture},
  journal={Artificial Intelligence},
  volume={192},
  pages={1--52},
  publisher={Elsevier}
}
@article{lecun-2015-deep-learning,
  title={Deep Learning},
  author={LeCun, Yann and Bengio, Yoshua and Hinton, Geoffrey},
  journal={Nature},
  volume={521},
  number={7553},
  pages={436--444},
  year={2015},
  publisher={Nature Publishing Group}
}
@article{hinton-1999-unsupervised-learning-foundations-of-neural-computation,
  title={Unsupervised Learning: Foundations of Neural Computation},
  author={Hinton, Geoffrey E. and Sejnowski, Terrence J.},
  journal={MIT Press},
  year={1999}
}
@article{zhu-2009-semi-supervised-learning-literature-survey,
  title={Semi-Supervised Learning Literature Survey},
  author={Zhu, Xiaojin},
  journal={Computer Science, University of Wisconsin-Madison},
  volume={2},
  number={3},
  pages={4},
  year={2009}
}
@article{pan-2010-a-survey-on-transfer-learning,
  title={A Survey on Transfer Learning},
  author={Pan, Sinno Jialin and Yang, Qiang},
  journal={IEEE Transactions on Knowledge and Data Engineering},
  volume={22},
  number={10},
  pages={1345--1359},
  year={2010},
  publisher={IEEE}
}
@article{chen-2020-a-simple-framework-for-contrastive-learning-of-visual-representations,
  title={A Simple Framework for Contrastive Learning of Visual Representations},
  author={Chen, Ting and Kornblith, Simon and Norouzi, Mohammad and Hinton, Geoffrey},
  journal={International Conference on Machine Learning},
  pages={1597--1607},
  year={2020},
  organization={PMLR}
}
@article{finn-2017-model-agnostic-meta-learning-for-fast-adaptation-of-deep-networks,
  title={Model-Agnostic Meta-Learning for Fast Adaptation of Deep Networks},
  author={Finn, Chelsea and Abbeel, Pieter and Levine, Sergey},
  journal={Proceedings of the 34th International Conference on Machine Learning},
  volume={70},
  pages={1126--1135},
  year={2017},
  organization={PMLR}
}
@article{parisi-2019-continual-lifelong-learning-with-neural-networks-a-review,
  title={Continual Lifelong Learning with Neural Networks: A Review},
  author={Parisi, German I. and Kemker, Ronald and Part, Jose L. and Kanan, Christopher and Wermter, Stefan},
  journal={Neural Networks},
  volume={113},
  pages={54--71},
  year={2019},
  publisher={Elsevier}
}
@book{sutton-2018-reinforcement-learning-an-introduction,
  title={Reinforcement Learning: An Introduction},
  author={Sutton, Richard S. and Barto, Andrew G.},
  year={2018},
  publisher={MIT Press}
}
@article{settles-2009-active-learning-literature-survey,
  title={Active Learning Literature Survey},
  author={Settles, Burr},
  journal={University of Wisconsin-Madison Department of Computer Sciences},
  volume={52},
  number={55--66},
  pages={11},
  year={2009}
}
@article{argall-2009-a-survey-of-robot-learning-from-demonstration,
  title={A Survey of Robot Learning from Demonstration},
  author={Argall, Brenna D. and Chernova, Sonia and Veloso, Manuela and Browning, Brett},
  journal={Robotics and Autonomous Systems},
  volume={57},
  number={5},
  pages={469--483},
  year={2009},
  publisher={Elsevier}
}
@article{hoi-2018-online-learning-a-comprehensive-survey,
  title={Online Learning: A Comprehensive Survey},
  author={Hoi, Steven CH and Wang, Jialei and Zhao, Peilin and others},
  journal={Neurocomputing},
  volume={275},
  pages={126--145},
  year={2018},
  publisher={Elsevier}
}
@book{goldberg-1989-genetic-algorithms-in-search-optimization-and-machine-learning,
  title={Genetic Algorithms in Search, Optimization, and Machine Learning},
  author={Goldberg, David E.},
  year={1989},
  publisher={Addison-Wesley Longman Publishing Co., Inc.}
}
@article{goodfellow-2014-generative-adversarial-nets,
  title={Generative Adversarial Nets},
  author={Goodfellow, Ian and others},
  journal={Advances in Neural Information Processing Systems},
  volume={27},
  year={2014}
}
@article{mcmahan-2017-communication-efficient-learning-of-deep-networks-from-decentralized-data,
  title={Communication-Efficient Learning of Deep Networks from Decentralized Data},
  author={McMahan, Brendan and others},
  journal={Proceedings of the 20th International Conference on Artificial Intelligence and Statistics},
  volume={54},
  pages={1273--1282},
  year={2017}
}
@article{bengio-2009-curriculum-learning,
  title={Curriculum Learning},
  author={Bengio, Yoshua and Louradour, Jérôme and Collobert, Ronan and Weston, Jason},
  journal={Proceedings of the 26th Annual International Conference on Machine Learning},
  pages={41--48},
  year={2009},
  publisher={ACM}
}
@article{caruana-1997-multitask-learning,
  title={Multitask Learning},
  author={Caruana, Rich},
  journal={Machine Learning},
  volume={28},
  number={1},
  pages={41--75},
  year={1997},
  publisher={Springer}
}
@article{oudeyer-2007-intrinsic-motivation-systems-for-autonomous-mental-development,
  title={Intrinsic Motivation Systems for Autonomous Mental Development},
  author={Oudeyer, Pierre-Yves and Kaplan, Frederic},
  journal={IEEE Transactions on Evolutionary Computation},
  volume={11},
  number={2},
  pages={265--286},
  year={2007}
}
@inproceedings{larochelle-2008-zero-data-learning-of-new-tasks,
  title={Zero-Data Learning of New Tasks},
  author={Larochelle, Hugo and others},
  booktitle={Proceedings of the AAAI Conference on Artificial Intelligence},
  pages={646--651},
  year={2008}
}
@article{vinyals-2016-matching-networks-for-one-shot-learning,
  title={Matching Networks for One-Shot Learning},
  author={Vinyals, Oriol and others},
  journal={Advances in Neural Information Processing Systems},
  volume={29},
  year={2016}
}
@book{hastie-2009-the-elements-of-statistical-learning-data-mining-inference-and-prediction,
  title={The Elements of Statistical Learning: Data Mining, Inference, and Prediction},
  author={Hastie, Trevor and Tibshirani, Robert and Friedman, Jerome},
  year={2009},
  publisher={Springer}
}
@book{bishop-2006-pattern-recognition-and-machine-learning,
  title={Pattern Recognition and Machine Learning},
  author={Bishop, Christopher M.},
  year={2006},
  publisher={Springer}
}
@article{ng-2002-on-discriminative-vs-generative-classifiers-a-comparison-of-logistic-regression-and-naive-bayes,
  title={On Discriminative vs. Generative Classifiers: A Comparison of Logistic Regression and Naive Bayes},
  author={Ng, Andrew Y. and Jordan, Michael I.},
  journal={Advances in Neural Information Processing Systems},
  volume={14},
  year={2002}
}
@article{raina-2004-a-hybrid-model-of-classification-and-regression,
  title={A Hybrid Model of Classification and Regression},
  author={Raina, Rajat and others},
  journal={Proceedings of the 21st International Conference on Machine Learning},
  pages={477--484},
  year={2004}
}
@book{pearl-1988-probabilistic-reasoning-in-intelligent-systems-networks-of-plausible-inference,
  title={Probabilistic Reasoning in Intelligent Systems: Networks of Plausible Inference},
  author={Pearl, Judea},
  year={1988},
  publisher={Morgan Kaufmann}
}
@article{vaswani-2017-attention-is-all-you-need,
  title={Attention is All You Need},
  author={Vaswani, Ashish and others},
  journal={Advances in Neural Information Processing Systems},
  volume={30},
  year={2017}
}
@article{friston-2010-the-free-energy-principle-a-unified-brain-theory,
  title={The Free-Energy Principle: A Unified Brain Theory?},
  author={Friston, Karl},
  journal={Nature Reviews Neuroscience},
  volume={11},
  number={2},
  pages={127--138},
  year={2010},
  publisher={Nature Publishing Group}
}
@book{newell-1990-unified-theories-of-cognition,
  title={Unified Theories of Cognition},
  author={Newell, Allen},
  year={1990},
  publisher={Harvard University Press}
}
@article{barto-2003-recent-advances-in-hierarchical-reinforcement-learning,
  title={Recent Advances in Hierarchical Reinforcement Learning},
  author={Barto, Andrew G. and Mahadevan, Sridhar},
  journal={Discrete Event Dynamic Systems},
  volume={13},
  number={4},
  pages={341--379},
  year={2003},
  publisher={Springer}
}
@article{garcez-2019-neuro-symbolic-ai-the-state-of-the-art,
  title={Neuro-Symbolic AI: The State of the Art},
  author={Garcez, Artur S. d'Avila and Lamb, Luis C. and Gabbay, Dov M.},
  journal={arXiv preprint arXiv:1905.06088},
  year={2019}
}
@article{rao-1999-predictive-coding-in-the-visual-cortex-a-functional-interpretation-of-some-extra-classical-receptive-field-effects,
  title={Predictive Coding in the Visual Cortex: A Functional Interpretation of Some Extra-Classical Receptive-Field Effects},
  author={Rao, Rajesh P. and Ballard, Dana H.},
  journal={Nature Neuroscience},
  volume={2},
  number={1},
  pages={79--87},
  year={1999},
  publisher={Nature Publishing Group}
}
@book{pfeifer-2007-how-the-body-shapes-the-way-we-think-a-new-view-of-intelligence,
  title={How the Body Shapes the Way We Think: A New View of Intelligence},
  author={Pfeifer, Rolf and Bongard, Josh},
  year={2007},
  publisher={MIT Press}
}
@article{busoniu-2008-a-comprehensive-survey-of-multi-agent-reinforcement-learning,
  title={A Comprehensive Survey of Multi-Agent Reinforcement Learning},
  author={Busoniu, Lucian and Babuska, Robert and De Schutter, Bart},
  journal={IEEE Transactions on Systems, Man, and Cybernetics, Part C (Applications and Reviews)},
  volume={38},
  number={2},
  pages={156--172},
  year={2008},
  publisher={IEEE}
}
@article{friston-2005-a-predictive-brain-how-perception-and-action-are-coupled-in-neural-networks,
  title={A Predictive Brain: How Perception and Action are Coupled in Neural Networks},
  author={Friston, Karl},
  journal={Nature Reviews Neuroscience},
  volume={6},
  number={1},
  pages={56--63},
  year={2005},
  doi={10.1038/nrn1647}
}
@book{hebb-1949-organization-of-behavior,
  title={The Organization of Behavior: A Neuropsychological Theory},
  author={Hebb, Donald O.},
  year={1949},
  publisher={John Wiley \& Sons}
}
@article{hochreiter-1997-long-short-term-memory,
  title={Long Short-Term Memory},
  author={Hochreiter, Sepp and Schmidhuber, J\u00fcrgen},
  journal={Neural Computation},
  volume={9},
  number={8},
  pages={1735--1780},
  year={1997}
}
@book{hawkins-2004-on-intelligence,
  title={On Intelligence},
  author={Hawkins, Jeff and Blakeslee, Sandra},
  year={2004},
  publisher={Henry Holt and Company}
}
@book{sutton-1998-reinforcement-learning,
  title={Reinforcement Learning: An Introduction},
  author={Sutton, Richard S. and Barto, Andrew G.},
  year={1998},
  publisher={MIT Press}
}
@book{tulving-1985-elements-of-episodic-memory,
  title={Elements of Episodic Memory},
  author={Tulving, Endel},
  year={1985},
  publisher={Oxford University Press}
}
@article{oudeyer-2007-intrinsic-motivation,
  title={Intrinsic Motivation Systems for Autonomous Mental Development},
  author={Oudeyer, Pierre-Yves and Kaplan, Frederic},
  journal={IEEE Transactions on Evolutionary Computation},
  volume={11},
  number={2},
  pages={265--286},
  year={2007}
}
@article{cox-2005-metareasoning-and-meta-learning,
  title={Metareasoning, Metacognition, and the Design of Metacognitive Systems},
  author={Cox, Michael T.},
  journal={Proceedings of AAAI Workshop on Metareasoning},
  year={2005}
}
@article{anderson-1996-act-r,
  title={ACT-R: A Theory of Higher Level Cognition and Its Relation to Visual Attention},
  author={Anderson, John R. and Lebiere, Christian},
  journal={Human-Computer Interaction},
  volume={12},
  number={4},
  pages={439--462},
  year={1996},
  publisher={Taylor \& Francis}
}
@article{lehman-1996-soar-architecture,
  title={The Soar Architecture: Principles and Applications},
  author={Lehman, John F. and Laird, John E. and Rosenbloom, Paul S.},
  journal={AI Magazine},
  volume={13},
  number={1},
  pages={16--79},
  year={1996},
  publisher={Association for the Advancement of Artificial Intelligence (AAAI)}
}
@article{sun-2006-clarion-framework,
  title={The CLARION Cognitive Architecture: Extending Cognitive Modeling to Social Simulation},
  author={Sun, Ron},
  journal={Cognition and Multimodal Communication},
  volume={1},
  number={1},
  pages={1--23},
  year={2006}
}
@article{kotseruba-2016-review-40-years-cognitive-architecture,
  title={A Review of 40 Years of Cognitive Architecture Research: Core Cognitive Abilities and Practical Applications},
  author={Kotseruba, Iuliia and Tsotsos, John K.},
  journal={arXiv preprint arXiv:1610.08602},
  year={2016}
}
@inproceedings{langley-2017-progress-challenges-cognitive-architectures,
  title={Progress and Challenges in Research on Cognitive Architectures},
  author={Langley, Pat},
  booktitle={Proceedings of the Thirty-First AAAI Conference on Artificial Intelligence},
  pages={4870--4876},
  year={2017}
}
@article{thorisson-2012-cognitive-architectures-autonomy,
  title={Cognitive Architectures and Autonomy: A Comparative Review},
  author={Thórisson, Kristinn R. and Rögnvaldsson, Thórhallur E.},
  journal={Journal of Artificial General Intelligence},
  volume={3},
  number={2},
  pages={1--30},
  year={2012}
}
@article{franklin-2013-lida-theory,
  title={LIDA: A Systems-Level Theory of Cognition and Action},
  author={Franklin, Stan and Baars, Bernard J. and Ramamurthy, Uma and Ventura, Michael},
  journal={IEEE Transactions on Autonomous Mental Development},
  volume={6},
  number={1},
  pages={19--41},
  year={2013},
  publisher={IEEE}
}
@article{beetz-2015-cram-cognitive-robot-abstract-machine,
  title={CRAM: A Cognitive Robot Abstract Machine for Everyday Manipulation in Human Environments},
  author={Beetz, Michael and Bartels, Guido and Mosenlechner, Lorenz},
  journal={Robotics and Autonomous Systems},
  volume={74},
  pages={154--164},
  year={2015},
  publisher={Elsevier}
}
@article{goertzel-2014-opencog-framework-artificial-general-intelligence,
  title={The OpenCog Framework for Artificial General Intelligence},
  author={Goertzel, Ben and Lian, Ruiting and Arel, Itamar and de Garis, Hugo and Chen, Shuo},
  journal={Cognitive Computation},
  volume={6},
  number={2},
  pages={171--193},
  year={2014},
  publisher={Springer}
}
@article{anderson-2004-integrated-theory-of-mind,
  title={An Integrated Theory of the Mind},
  author={Anderson, John R. and Lebiere, Christian},
  journal={Psychological Review},
  volume={111},
  number={4},
  pages={1036--1060},
  year={2004},
  publisher={American Psychological Association}
}
@article{tenorth-2013-knowrob-knowledge-processing-infrastructure,
  title={KnowRob: A Knowledge Processing Infrastructure for Cognition-enabled Robots},
  author={Tenorth, Moritz and Beetz, Michael},
  journal={International Journal of Robotics Research},
  volume={32},
  number={5},
  pages={566--590},
  year={2013},
  publisher={SAGE Publications}
}
@article{graves-2014-neural-turing-machines,
  title={Neural Turing Machines},
  author={Graves, Alex and Wayne, Greg and Danihelka, Ivo},
  journal={arXiv preprint arXiv:1410.5401},
  year={2014}
}
@article{laird-2012-soar-cognitive-architecture,
  title={The Soar Cognitive Architecture},
  author={Laird, John E.},
  journal={Artificial Intelligence},
  volume={192},
  pages={1--52},
  year={2012},
  publisher={Elsevier}
}
@article{parker-2008-distributed-intelligence-in-multi-robot-systems,
  title={Distributed Intelligence: Overview of the Field and Its Applications in Multi-Robot Systems},
  author={Parker, Lynne E.},
  journal={Journal of Intelligent Systems},
  volume={23},
  pages={345--370},
  year={2008},
  publisher={Springer}
}
@article{berman-2009-coordination-multiple-mobile-robots,
  title={Coordination of Multiple Mobile Robots: Recent Results and Open Problems},
  author={Berman, Spring and Halasz, Alexandre M. and Kumar, Vijay},
  journal={Robotics and Autonomous Systems},
  volume={57},
  number={3},
  pages={287--295},
  year={2009},
  publisher={Elsevier}
}
@article{stone-2001-multi-agent-systems-survey,
  title={Multi-Agent Systems: A Survey from a Machine Learning Perspective},
  author={Stone, Peter and Veloso, Manuela},
  journal={Autonomous Robots},
  volume={8},
  pages={345--383},
  year={2001},
  publisher={Springer}
}
@article{breazeal-2019-collaborative-robots-human-aware-interaction,
  title={Collaborative Robots: Human-Aware Planning and Interaction},
  author={Breazeal, Cynthia and Scassellati, Brian},
  journal={Annual Review of Robotics},
  volume={5},
  pages={45--67},
  year={2019},
  publisher={Annual Reviews}
}
@article{brambilla-2013-swarm-robotics-review,
  title={Swarm Robotics: A Review from the Swarm Intelligence Perspective},
  author={Brambilla, Manuele and Ferrante, Eliseo and Birattari, Mauro and Dorigo, Marco},
  journal={Swarm Intelligence},
  volume={7},
  number={1},
  pages={1--41},
  year={2013},
  publisher={Springer}
}
@article{jennings-2001-automated-negotiation-challenges,
  title={Automated Negotiation: Prospects, Methods, and Challenges},
  author={Jennings, Nicholas R. and Faratin, Peyman and Sierra, Carles},
  journal={International Journal of Autonomous Agents and Multi-Agent Systems},
  volume={4},
  number={3},
  pages={233--254},
  year={2001},
  publisher={Springer}
}
@article{gerkey-2004-task-allocation-multi-robot-systems,
  title={A Formal Analysis and Taxonomy of Task Allocation in Multi-Robot Systems},
  author={Gerkey, Brian P. and Mataric, Maja J.},
  journal={Robotics and Autonomous Systems},
  volume={58},
  number={2},
  pages={293--308},
  year={2004},
  publisher={Elsevier}
}
@article{fong-2003-socially-interactive-robots-survey,
  title={A Survey of Socially Interactive Robots},
  author={Fong, Terrence and Nourbakhsh, Illah and Dautenhahn, Kerstin},
  journal={Robotics and Autonomous Systems},
  volume={42},
  number={3--4},
  pages={143--166},
  year={2003},
  publisher={Elsevier}
}
@article{groom-2007-self-awareness-in-human-robot-interaction,
  title={Self-Awareness and Social Interaction in Human-Robot Interaction},
  author={Groom, Victoria and Nass, Clifford and Chen, Tanzeem},
  journal={Journal of Human-Robot Interaction},
  volume={5},
  number={3},
  pages={94--112},
  year={2007},
  publisher={Springer}
}
@article{scassellati-2001-goal-directed-behavior-in-robotics,
  title={Foundations for a Theory of Goal-Directed Behavior in Robotics},
  author={Scassellati, Brian and Nourbakhsh, Illah},
  journal={Autonomous Robots},
  volume={11},
  number={1},
  pages={67--80},
  year={2001},
  publisher={Springer}
}
@article{fong-2003-a-survey-of-socially-interactive-robots,
  title={A Survey of Socially Interactive Robots},
  author={Fong, Terrence and Nourbakhsh, Illah and Dautenhahn, Kerstin},
  journal={Robotics and Autonomous Systems},
  volume={42},
  number={3--4},
  pages={143--166},
  year={2003},
  publisher={Elsevier}
}
@article{brambilla-2013-swarm-robotics-a-review-from-the-swarm-intelligence-perspective,
  title={Swarm Robotics: A Review from the Swarm Intelligence Perspective},
  author={Brambilla, Manuele and Ferrante, Eliseo and Birattari, Mauro and Dorigo, Marco},
  journal={Swarm Intelligence},
  volume={7},
  number={1},
  pages={1--41},
  year={2013},
  publisher={Springer}
}
